ISA*00*          *00*          *ZZ*SUBMITTERS ID  *ZZ*RECEIVERS ID   *200101*1253*^*00501*000000905*0*T*|~GS*HP*SENDER CODE*RECEIVER CODE*20200101*0802*1*X*005010X221A1~ST*835*35681~BPR*I*100*C*CHK************20190331~TRN*1*12345*1512345678~REF*EV*CLEARINGHOUSE~N1*PR*DELTA DENTAL OF ABC~N3*225 MAIN STREET~N4*CENTERVILLE*PA*17111~PER*BL*JANE DOE*TE*9005555555~N1*PE*BAN DDS LLC*FI*999994703~LX*1~CLP*EXAMPLE1*2*500*100**12*05090256390*11*1~CAS*OA*23*400~NM1*QC*1*TOWNSEND*WILLIAM*P***MI*XXX123456789~NM1*82*2*ACME MEDICAL CENTER*****XX*98765432111~DTM*232*20190303~DTM*233*20190304~AMT*AU*500~SE*18*35681~GE*1*1~IEA*1*000000905~